<record xmlns="http://www.loc.gov/MARC21/slim" xmlns:xsi="http://www.w3.org/2001/XMLSchema-instance" xsi:schemaLocation="http://www.loc.gov/MARC21/slim http://www.loc.gov/standards/marcxml/schema/MARC21slim.xsd"><leader>01271cz   2200325n  4500</leader><controlfield tag="001">oca00506729 </controlfield><controlfield tag="005">20021030150305.0</controlfield><controlfield tag="008">801007n| acannaab           |a aaa      </controlfield><datafield ind1=" " ind2=" " tag="010"><subfield code="a">n  80126286 </subfield></datafield><datafield ind1=" " ind2=" " tag="040"><subfield code="a">DLC</subfield><subfield code="c">DLC</subfield><subfield code="d">DLC</subfield><subfield code="d">NjP</subfield><subfield code="d">MH</subfield><subfield code="d">DLC</subfield></datafield><datafield ind1="0" ind2=" " tag="100"><subfield code="a">Apuleius</subfield></datafield><datafield ind1="0" ind2=" " tag="400"><subfield code="a">Apulien</subfield></datafield><datafield ind1="0" ind2=" " tag="400"><subfield code="a">Apulée</subfield></datafield><datafield ind1="0" ind2=" " tag="400"><subfield code="a">Apuleius Madaurensis</subfield><subfield code="w">nnaa</subfield></datafield><datafield ind1="1" ind2=" " tag="400"><subfield code="a">Appuleius, Lucius</subfield></datafield><datafield ind1="1" ind2=" " tag="400"><subfield code="a">Apuleius, Lucius</subfield></datafield><datafield ind1="0" ind2=" " tag="400"><subfield code="a">Apuleio</subfield></datafield><datafield ind1="1" ind2=" " tag="400"><subfield code="a">Apuleyo, Lucio</subfield></datafield><datafield ind1="1" ind2=" " tag="400"><subfield code="a">Abūliyūs, Lūkiyūs</subfield></datafield><datafield ind1="0" ind2=" " tag="400"><subfield code="a">Apuleius,</subfield><subfield code="c">von Madaura</subfield></datafield><datafield ind1="1" ind2=" " tag="400"><subfield code="a">Apuleius Platonicus Madaurensis</subfield></datafield><datafield ind1="0" ind2=" " tag="400"><subfield code="a">Apuleius,</subfield><subfield code="c">of Madauros</subfield></datafield><datafield ind1=" " ind2=" " tag="670"><subfield code="a">Stehl, T. Die Mundarten Apuliens, 1980:</subfield><subfield code="b">t.p. (Apuliens)</subfield></datafield><datafield ind1=" " ind2=" " tag="670"><subfield code="a">Signorini, R. La "fabella" di Psiche e altra mitologia, c1987:</subfield><subfield code="b">p. 13 (Apuleio)</subfield></datafield><datafield ind1=" " ind2=" " tag="670"><subfield code="a">His Metamorphoses, 1989:</subfield><subfield code="b">CIP t.p. (Apuleius) data sheet (b. ca. 123 A.D.)</subfield></datafield><datafield ind1=" " ind2=" " tag="670"><subfield code="a">His al-Azāhīr, 1979:</subfield><subfield code="b">t.p. (Lūkiyūs Abūliyūs al-Madawrī)</subfield></datafield><datafield ind1=" " ind2=" " tag="670"><subfield code="a">His Der goldene Esel, 1988:</subfield><subfield code="b">t.p. (Apuleius von Madaura)</subfield></datafield><datafield ind1=" " ind2=" " tag="670"><subfield code="a">Opera quae supersunt, 1968- :</subfield><subfield code="b">v. 1, t.p. (Apulei Platonici Madaurensis)</subfield></datafield><datafield ind1=" " ind2=" " tag="670"><subfield code="a">His Las metamorfosis, o, El asno de oro, 1992:</subfield><subfield code="b">t.p. (Lucio Apuleyo)</subfield></datafield><datafield ind1=" " ind2=" " tag="670"><subfield code="a">His Florida, 2001:</subfield><subfield code="b">t.p. (Apuleius of Madauros)</subfield></datafield></record>